<record><leader>00000cas a22000007a 4500</leader><controlfield tag="001">16986716</controlfield><controlfield tag="008">871114u1844uuuuinudr ne      0    0eng d</controlfield><datafield ind1=" " ind2=" " tag="010"><subfield code="a">sn 87056712 </subfield></datafield><datafield ind1=" " ind2=" " tag="040"><subfield code="a">NPI</subfield><subfield code="b">eng</subfield><subfield code="c">NPI</subfield><subfield code="d">OCL</subfield><subfield code="d">OCLCQ</subfield></datafield><datafield ind1=" " ind2=" " tag="042"><subfield code="a">msc</subfield></datafield><datafield ind1="0" ind2="0" tag="245"><subfield code="a">Cincinnati daily American Republican.</subfield></datafield><datafield ind1="3" ind2="0" tag="246"><subfield code="a">American Republican</subfield></datafield><datafield ind1=" " ind2=" " tag="260"><subfield code="a">Cincinnati, Ohio :</subfield><subfield code="b">C.A. Morgan &amp; T.L. Brown</subfield></datafield><datafield ind1=" " ind2=" " tag="310"><subfield code="a">Daily</subfield></datafield><datafield ind1="1" ind2=" " tag="362"><subfield code="a">Began in 1844?</subfield></datafield><datafield ind1=" " ind2=" " tag="500"><subfield code="a">"Cincinnati daily" in title ornament.</subfield></datafield><datafield ind1=" " ind2=" " tag="580"><subfield code="a">Issued also in a triweekly and a weekly ed.</subfield></datafield><datafield ind1=" " ind2=" " tag="588"><subfield code="a">Description based on: Vol. 1, no. 73 (Feb. 24, 1845).</subfield></datafield><datafield ind1=" " ind2=" " tag="752"><subfield code="a">United States</subfield><subfield code="b">Ohio</subfield><subfield code="c">Hamilton</subfield><subfield code="d">Cincinnati.</subfield></datafield></record>